@manual{apache-synapse,
title={Apache Synapse},
url={http://synapse.apache.org/}, 
year={2010}
}